@Misc{pict,
 author  = "Wikimedia Commons",
 title   = "An animation, describing Boruvka's (Sollin's) algorithm",
 year = "2012",
 url = "https://commons.wikimedia.org/wiki/File:Boruvka%27s_algorithm_(Sollin%27s_algorithm)_Anim.gif",
 note = {Navštíveno 10.4.2020}}