@Misc{brainpicking,
	title = {10 Essential Books on Typography},
	author = {Maria POPOVA},
	howpublished = {[online]},
	year = {18.září 2015},
	note = {[vid. 11.dubna 2020], Dostupné z: https://www.brainpickings.org/2011/08/01/10-essential-books-on-typography/},
}

@Misc{csniso690,
	title = {Nová citační norma ČSN ISO 690:2011 – Bibliografické citace},
	author = {Z. FIRSTOVÁ},
	howpublished = {[online]},
	note = {[vid. 11.dubna 2020], Dostupné z: },
	url = {https://sites.google.com/site/novaiso690/},
}

@Misc{Typografie,
	title = {Typografie},
	author = {Adaptic},
	howpublished = {[online]},
	note = {[vid. 11.dubna 2020]},
	url  = {https://www.adaptic.cz/znalosti/slovnicek/typografie/},
}

@Book{CulturalConnectives,
	author = {Rana Abou RJEILY},
	title = {Cultural Connectives},
	publisher = {Mark Batty Publisher},
	address = {New York, USA},
	pages = 112,
	year = {22.února 2011},
	ISBN = {978-1935613138},
}

@Book{Olsak1999,
	author = {Petr OLŠÁK},
	title = {Typografický systém TEX},
	publisher = {Konvoj},
	address = {Brno, Česá republika},
	pages = {300},
	year = {2000},
	note = {2. upr. vydání},
	ISBN = {8085615916},
}

@MastersThesis{EliskaCvingrafova2011,
    author = {Eliška CVINGRÁFOVÁ},
    title = {Počítače v chemii},
    school = {Masarykova univerzita. Pedagogická fakulta. katedra chemie},
    year = {2011},
    type = {Bakalářská práce},
}

@MastersThesis{MartinCerny1999,
    author = {Martin ČERNÝ},
    title = {Znakové sady v typografických systémech},
    school = {Mendelova zemědělská a lesnická univerzita v Brně. Fakulta provozně ekonomická. Ústav informatiky},
    year = {1999},
    type = {Diplomová práce},
}


@Article{Science1,
	author = {Katelyn N. ALLERS},
	note = {},
	title = {A measurement of the wind speed on a brown dwarf},
	journal = {Science},
	volume = {368},
	number = {6487},
	year = {10.dubna 2020},
	pages = {169--172},
	DOI = {10.1126/science.aaz2856}
}


@Article{Science2,
	author = {Ashley E. LEPACK},
	title = {Dopaminylation of histone H3 in ventral tegmental area regulates cocaine seeking},
	journal = {Science},
	year = {10.dubna 2020},
    volume = {368},
	number = {6487},
	pages = {197--201},
	DOI = {10.1126/science.aaw8806}
}

@Book{ScienceJournal,
    title = {Science},
    author = {Science},
    address = {Washington, D.C., United States},
    publisher = {American Association for the Advancement of Science},
    year = {1880--},
    note = {.ISSN 0036-8075},
    }